@Article{stktokens,
author = {Skorstengaard, Lau and Devriese, Dominique and Birkedal, Lars},
title = {StkTokens: Enforcing Well-Bracketed Control Flow and Stack Encapsulation Using Linear Capabilities},
year = {2019},
issue_date = {January 2019},
publisher = {Association for Computing Machinery},
address = {New York, NY, USA},
volume = {3},
number = {POPL},
url = {https://doi.org/10.1145/3290332},
doi = {10.1145/3290332},
journal = {Proc. ACM Program. Lang.},
month = jan,
articleno = {Article 19},
numpages = {28},
keywords = {capability machines, stack frame encapsulation, well-bracketed control flow, secure compilation, linear capabilities, fully abstract overlay semantics, fully abstract compilation}
}

@article{dennis1966programming,
  title={Programming semantics for multiprogrammed computations},
  author={Dennis, Jack B and Van Horn, Earl C},
  journal={Communications of the ACM},
  volume={9},
  number={3},
  pages={143--155},
  year={1966},
  publisher={ACM New York, NY, USA}
}

@book{levy2014capability,
  title={Capability-based computer systems},
  author={Levy, Henry M},
  year={2014},
  publisher={Digital Press}
}

@techreport{watson2019capability,
  title={Capability Hardware Enhanced RISC Instructions: Cheri Instruction-Set Architecture (Version 7)},
  author={Watson, Robert NM and Neumann, Peter G and Woodruff, Jonathan and Roe, Michael and Almatary, Hesham, and Anderson, Jonathan and Baldwin, John and Chisnall, David and Davis, Brooks and Filardo, Nathaniel Wesley and Joannou, Alexandre and Laurie, Ben and Markettos, A Theodore and Moore, Simon W and Murdoch, Steven J and Nienhuis, Kyndylan and Norton, Robert and Richardson, Alex and Rugg, Peter and Sewell, Peter and Son, Stacey and Xia, Hongyan},
  year={2019},
  month = june,
  institution={University of Cambridge, Computer Laboratory}
}
@inproceedings{skorstengaard2018reasoning,
  title={Reasoning about a machine with local capabilities},
  author={Skorstengaard, Lau and Devriese, Dominique and Birkedal, Lars},
  booktitle={European Symposium on Programming},
  pages={475--501},
  year={2018},
  organization={Springer}
}
@article{fabry1974capability,
  title={Capability-based addressing},
  author={Fabry, Robert S.},
  journal={Communications of the ACM},
  volume={17},
  number={7},
  pages={403--412},
  year={1974},
  publisher={ACM New York, NY, USA}
}