@article{dennis1966programming,
  title={Programming semantics for multiprogrammed computations},
  author={Dennis, Jack B and Van Horn, Earl C},
  journal={Communications of the ACM},
  volume={9},
  number={3},
  pages={143--155},
  year={1966},
  publisher={ACM New York, NY, USA}
}
@article{fabry1974capability,
  title={Capability-based addressing},
  author={Fabry, Robert S.},
  journal={Communications of the ACM},
  volume={17},
  number={7},
  pages={403--412},
  year={1974},
  publisher={ACM New York, NY, USA}
}
@techreport{redell1974naming,
  title={Naming and protection in extendible operating systems},
  author={Redell, David D},
  year={1974},
  institution={MASSACHUSETTS INST OF TECH CAMBRIDGE PROJECT MAC}
}

@inproceedings{skorstengaard2018reasoning,
  title={Reasoning about a machine with local capabilities},
  author={Skorstengaard, Lau and Devriese, Dominique and Birkedal, Lars},
  booktitle={European Symposium on Programming},
  pages={475--501},
  year={2018},
  organization={Springer}
}
@article{skorstengaard2019stktokens,
  title={StkTokens: Enforcing well-bracketed control flow and stack encapsulation using linear capabilities},
  author={Skorstengaard, Lau and Devriese, Dominique and Birkedal, Lars},
  journal={Proceedings of the ACM on Programming Languages},
  volume={3},
  number={POPL},
  pages={1--28},
  year={2019},
  publisher={ACM New York, NY, USA}
}

@book{levy2014capability,
  title={Capability-based computer systems},
  author={Levy, Henry M},
  year={2014},
  publisher={Digital Press}
}
@techreport{watson2019capability,
  title={Capability Hardware Enhanced RISC Instructions: Cheri Instruction-Set Architecture (Version 7)},
  author={Watson, Robert NM and Neumann, Peter G and Woodruff, Jonathan and Roe, Michael and Almatary, Hesham, and Anderson, Jonathan and Baldwin, John and Chisnall, David and Davis, Brooks and Filardo, Nathaniel Wesley and Joannou, Alexandre and Laurie, Ben and Markettos, A Theodore and Moore, Simon W and Murdoch, Steven J and Nienhuis, Kyndylan and Norton, Robert and Richardson, Alex and Rugg, Peter and Sewell, Peter and Son, Stacey and Xia, Hongyan},
  year={2019},
  month = june,
  institution={University of Cambridge, Computer Laboratory}
}
@techreport{watson2014capability,
  title={Capability Hardware Enhanced RISC Instructions: Cheri Instruction-Set Architecture},
  author={Watson, Robert NM and Neumann, Peter G and Woodruff, Jonathan and Anderson, Jonathan and Chisnall, David and Davis, Brooks and Laurie, Ben and Moore, Simon W. and Murdoch, Steven J. and Roe, Michael},
  year={2014},
  month = april,
  institution={University of Cambridge, Computer Laboratory}
}
@article{watson2016fast,
  title={Fast protection-domain crossing in the cheri capability-system architecture},
  author={Watson, Robert NM and Norton, Robert M and Woodruff, Jonathan and Moore, Simon W and Neumann, Peter G and Anderson, Jonathan and Chisnall, David and Davis, Brooks and Laurie, Ben and Roe, Michael and others},
  journal={IEEE Micro},
  volume={36},
  number={5},
  pages={38--49},
  year={2016},
  publisher={IEEE}
}

@inproceedings{watson2015cheri,
  title={Cheri: A hybrid capability-system architecture for scalable software compartmentalization},
  author={Watson, Robert NM and Woodruff, Jonathan and Neumann, Peter G and Moore, Simon W and Anderson, Jonathan and Chisnall, David and Dave, Nirav and Davis, Brooks and Gudka, Khilan and Laurie, Ben and others},
  booktitle={2015 IEEE Symposium on Security and Privacy},
  pages={20--37},
  year={2015},
  organization={IEEE}
}
@inproceedings{tsampas2017towards,
  title={Towards automatic compartmentalization of C programs on capability machines},
  author={Tsampas, Stylianos and El-Korashy, Akram and Patrignani, Marco and Devriese, Dominique and Garg, Deepak and Piessens, Frank},
  booktitle={Workshop on Foundations of Computer Security 2017},
  pages={1--14},
  year={2017}
}
@article{patrignani2019formal,
  title={Formal approaches to secure compilation: A survey of fully abstract compilation and related work},
  author={Patrignani, Marco and Ahmed, Amal and Clarke, Dave},
  journal={ACM Computing Surveys (CSUR)},
  volume={51},
  number={6},
  pages={1--36},
  year={2019},
  publisher={ACM New York, NY, USA}
}
@article{carter1994hardware,
  title={Hardware support for fast capability-based addressing},
  author={Carter, Nicholas P and Keckler, Stephen W and Dally, William J},
  journal={ACM SIGOPS Operating Systems Review},
  volume={28},
  number={5},
  pages={319--327},
  year={1994},
  publisher={ACM New York, NY, USA}
}

@inproceedings{joannou2017efficient,
  title={Efficient tagged memory},
  author={Joannou, Alexandre and Woodruff, Jonathan and Kovacsics, Robert and Moore, Simon W and Bradbury, Alex and Xia, Hongyan and Watson, Robert NM and Chisnall, David and Roe, Michael and Davis, Brooks and others},
  booktitle={2017 IEEE International Conference on Computer Design (ICCD)},
  pages={641--648},
  year={2017},
  organization={IEEE}
}
@article{woodruff2019cheri,
  title={Cheri concentrate: Practical compressed capabilities},
  author={Woodruff, Jonathan and Joannou, Alexandre and Xia, Hongyan and Fox, Anthony and Norton, Robert M and Chisnall, David and Davis, Brooks and Gudka, Khilan and Filardo, Nathaniel W and Markettos, A Theodore and others},
  journal={IEEE Transactions on Computers},
  volume={68},
  number={10},
  pages={1455--1469},
  year={2019},
  publisher={IEEE}
}

@techreport{nienhuis2019rigorous,
  title={Rigorous engineering for hardware security: formal modelling and proof in the CHERI design and implementation process},
  author={Nienhuis, Kyndylan and Joannou, Alexandre and Fox, Anthony and Roe, Michael and Bauereiss, Thomas and Campbell, Brian and Naylor, Matthew and Norton, Robert M and Moore, Simon W and Neumann, Peter G and others},
  year={2019},
  institution={University of Cambridge, Computer Laboratory}
}

